<record><leader>00000cas a22000007a 4500</leader><controlfield tag="001">18783736</controlfield><controlfield tag="008">881118d19651968iduer ne      0    0eng d</controlfield><datafield ind1=" " ind2=" " tag="010"><subfield code="a">sn 88056126 </subfield></datafield><datafield ind1=" " ind2=" " tag="040"><subfield code="a">NVB</subfield><subfield code="b">eng</subfield><subfield code="c">NVB</subfield><subfield code="d">OCLCQ</subfield><subfield code="d">OCLCF</subfield><subfield code="d">OCLCO</subfield></datafield><datafield ind1=" " ind2=" " tag="042"><subfield code="a">msc</subfield></datafield><datafield ind1=" " ind2=" " tag="043"><subfield code="a">n-us-id</subfield></datafield><datafield ind1="0" ind2="4" tag="245"><subfield code="a">The Idaho trumpet.</subfield></datafield><datafield ind1=" " ind2=" " tag="260"><subfield code="a">Boise, Idaho :</subfield><subfield code="b">E.A. Johnson</subfield></datafield><datafield ind1=" " ind2=" " tag="300"><subfield code="a">v.</subfield></datafield><datafield ind1=" " ind2=" " tag="310"><subfield code="a">Biweekly,</subfield><subfield code="b">Apr. 28, 1967-May 29, 1968</subfield></datafield><datafield ind1=" " ind2=" " tag="321"><subfield code="a">Semimonthly (except June, July &amp; Aug.),</subfield><subfield code="b">June 1965-Apr. 14, 1967</subfield></datafield><datafield ind1="0" ind2=" " tag="362"><subfield code="a">Vol. 1, no. 1 (June 1965)-v.2, no. 17 (May 29, 1968).</subfield></datafield><datafield ind1=" " ind2="0" tag="650"><subfield code="a">Mormon Church</subfield><subfield code="z">Idaho</subfield><subfield code="v">Newspapers.</subfield></datafield><datafield ind1=" " ind2="0" tag="651"><subfield code="a">Boise (Idaho)</subfield><subfield code="v">Newspapers.</subfield></datafield><datafield ind1=" " ind2="7" tag="655"><subfield code="a">Newspapers.</subfield><subfield code="2">fast</subfield><subfield code="0">(OCoLC)fst01423814</subfield></datafield><datafield ind1=" " ind2="7" tag="650"><subfield code="a">Mormon Church.</subfield><subfield code="2">fast</subfield><subfield code="0">(OCoLC)fst01026221</subfield></datafield><datafield ind1=" " ind2="7" tag="651"><subfield code="a">Idaho.</subfield><subfield code="2">fast</subfield><subfield code="0">(OCoLC)fst01211709</subfield></datafield><datafield ind1=" " ind2="7" tag="651"><subfield code="a">Idaho</subfield><subfield code="z">Boise.</subfield><subfield code="2">fast</subfield><subfield code="0">(OCoLC)fst01205276</subfield></datafield><datafield ind1=" " ind2=" " tag="752"><subfield code="a">United States</subfield><subfield code="b">Idaho</subfield><subfield code="c">Ada</subfield><subfield code="d">Boise.</subfield></datafield></record>